@article{dung1995acceptability,
  title={On the acceptability of arguments and its fundamental role in nonmonotonic reasoning, logic programming and n-person games},
  author={Dung, Phan Minh},
  journal={Artificial intelligence},
  volume={77},
  number={2},
  pages={321--357},
  year={1995},
  publisher={Elsevier}
}

@misc{iccma,
  title = {The International Competition on Computational Models of Argumentation},
  howpublished = {\url{http://argumentationcompetition.org/}}
}

@inproceedings{lagniez2015coquiaas,
  title={Coquiaas: A constraint-based quick abstract argumentation solver},
  author={Lagniez, Jean-Marie and Lonca, Emmanuel and Mailly, Jean-Guy},
  booktitle={2015 IEEE 27th International Conference on Tools with Artificial Intelligence (ICTAI)},
  pages={928--935},
  year={2015},
  organization={IEEE}
}

@misc{portfoliolib,
  title = {Out Rust SAT solver library},
  howpublished = {\url{https://github.com/QuentinJanuel/sat-portfolio}}
}

@misc{argsolver,
  title = {Out argumentation solver},
  howpublished = {\url{https://github.com/QuentinJanuel/TER}}
}
